@ONLINE {rps,
    author = "Moroney, Laurence",
    title = "Rock, Paper, Scissors Dataset",
    month = 2,
    year = "2019",
    url = "http://laurencemoroney.com/rock-paper-scissors-dataset"
}

@ONLINE {kaggle,
    author = "Tomuro, Noriko",
    title  = "CSC 594 HW\#1: Part 1 (Fall 2020) Classification of Rock-Paper-Scissors images",
    month  = 9,
    year   = "2020",
    url    = "https://www.kaggle.com/c/csc-594-hw1-pt1-fall-2020"
}

@MISC{vgg,
    Author = {Simonyan, Karen and Zisserman, Andrew},
    Title = {Very Deep Convolutional Networks for Large-Scale Image Recognition},
    Year = {2014},
    Eprint = {arXiv:1409.1556},
}

@ONLINE {keras,
    author = "Chollet et al.",
    title  = "Keras Applications",
    month  = 3,
    year   = "2015",
    url    = "https://keras.io/api/applications/"
}

@ONLINE {hw1,
    author = "Tomuro, Noriko",
    title  = "CSC 594 Topics in AI: Advanced Deep Learning Fall 2020",
    month  = 9,
    year   = "2020",
    url    = "https://condor.depaul.edu/ntomuro/courses/594ADL-2020fall/assign/hw1files/CSC594-HW1-startup.pdf"
}

@ONLINE {tl,
    author = "Chokshi, Janvi",
    title  = "Transfer learning : CNN, ResNet, VGG16, InceptionV3",
    month  = 6,
    year   = "2020",
    url    = "https://www.kaggle.com/janvichokshi/transfer-learning-cnn-resnet-vgg16-iceptionv3"
}

@ONLINE {da,
    author = "TensorFlow",
    title  = "Data augmentation",
    month  = 9,
    year   = "2020",
    url    = "https://www.tensorflow.org/tutorials/images/data_augmentation"
}

@BOOK{chollet,
    author = {Chollet, Francois},
    title = {Deep Learning with Python},
    year = {2017},
    isbn = {1617294438},
    publisher = {Manning Publications Co.},
    address = {USA},
    edition = {1st},
    url = "https://condor.depaul.edu/ntomuro/courses/594ADL-2020fall/Chollet/Chollet-v1-convvis.pdf"
}

@ONLINE {filters,
    author = "Chollet et al.",
    title  = "Visualizing what convnets learn",
    month  = 5,
    year   = "2020",
    url    = "https://keras.io/examples/vision/visualizing_what_convnets_learn/"
}

@MISC{resnet,
    Author = {Kaiming He and Xiangyu Zhang and Shaoqing Ren and Jian Sun},
    Title = {Identity Mappings in Deep Residual Networks},
    Year = {2016},
    Eprint = {arXiv:1603.05027},
}

@MISC{xception,
    Author = {Fran√ßois Chollet},
    Title = {Xception: Deep Learning with Depthwise Separable Convolutions},
    Year = {2016},
    Eprint = {arXiv:1610.02357},
}

@MISC{inception,
    Author = {Christian Szegedy and Sergey Ioffe and Vincent Vanhoucke and Alex Alemi},
    Title = {Inception-v4, Inception-ResNet and the Impact of Residual Connections on Learning},
    Year = {2016},
    Eprint = {arXiv:1602.07261},
}